<record><leader>00000cas a22000007i 4500</leader><controlfield tag="001">895039236</controlfield><controlfield tag="006">m     o  d        </controlfield><controlfield tag="007">cr |n|000|||||</controlfield><controlfield tag="008">850330d18471888ohuwr neo     0   a0eng  </controlfield><datafield ind1=" " ind2=" " tag="010"><subfield code="a">  2014218805</subfield></datafield><datafield ind1=" " ind2=" " tag="040"><subfield code="a">Nz</subfield><subfield code="b">eng</subfield><subfield code="e">rda</subfield><subfield code="c">Z5A</subfield><subfield code="d">DLC</subfield><subfield code="d">OCLCF</subfield></datafield><datafield ind1="0" ind2=" " tag="022"><subfield code="a">2376-1555</subfield><subfield code="2">1</subfield></datafield><datafield ind1="0" ind2=" " tag="029"><subfield code="a">NZ1</subfield><subfield code="b">15700554</subfield></datafield><datafield ind1="1" ind2=" " tag="029"><subfield code="a">NZ1</subfield><subfield code="b">16035272</subfield></datafield><datafield ind1=" " ind2=" " tag="042"><subfield code="a">msc</subfield><subfield code="a">nsdp</subfield></datafield><datafield ind1=" " ind2=" " tag="043"><subfield code="a">n-us-oh</subfield></datafield><datafield ind1="1" ind2="0" tag="050"><subfield code="a">ISSN RECORD</subfield></datafield><datafield ind1="0" ind2="0" tag="082"><subfield code="a">071</subfield><subfield code="2">23</subfield></datafield><datafield ind1="0" ind2=" " tag="130"><subfield code="a">Jackson standard (Jackson, Ohio)</subfield></datafield><datafield ind1=" " ind2="4" tag="222"><subfield code="a">The  Jackson standard</subfield><subfield code="b">(Jackson, Ohio. Online)</subfield></datafield><datafield ind1="0" ind2="4" tag="245"><subfield code="a">The Jackson standard.</subfield></datafield><datafield ind1=" " ind2="1" tag="264"><subfield code="a">Jackson C.H., Ohio :</subfield><subfield code="b">Laird &amp; Matthews,</subfield><subfield code="c">-1888.</subfield></datafield><datafield ind1=" " ind2=" " tag="300"><subfield code="a">1 online resource</subfield></datafield><datafield ind1=" " ind2=" " tag="310"><subfield code="a">Weekly</subfield></datafield><datafield ind1=" " ind2=" " tag="336"><subfield code="a">text</subfield><subfield code="b">txt</subfield><subfield code="2">rdacontent</subfield></datafield><datafield ind1=" " ind2=" " tag="337"><subfield code="a">computer</subfield><subfield code="b">c</subfield><subfield code="2">rdamedia</subfield></datafield><datafield ind1=" " ind2=" " tag="338"><subfield code="a">online resource</subfield><subfield code="b">cr</subfield><subfield code="2">rdacarrier</subfield></datafield><datafield ind1="1" ind2=" " tag="362"><subfield code="a">Began in Mar. 1847; ceased with vol. 44, no. 80 (July 26, 1888) whole no. 2141.</subfield></datafield><datafield ind1=" " ind2=" " tag="500"><subfield code="a">Whig, 1847-1854; Republican, 1855-1888.</subfield></datafield><datafield ind1=" " ind2=" " tag="588"><subfield code="a">Description based on: Vol. VII, number 1 (March 31, 1853); title from masthead (Chroniclingamerica.loc.gov, viewed November 19, 2014).</subfield></datafield><datafield ind1=" " ind2=" " tag="588"><subfield code="a">Latest issue consulted: Vol. 44, no. 80 (July 26, 1888) whole no. 2141 (Chroniclingamerica.loc.gov, viewed November 19, 2014).</subfield></datafield><datafield ind1=" " ind2="0" tag="651"><subfield code="a">Jackson (Ohio)</subfield><subfield code="v">Newspapers.</subfield></datafield><datafield ind1=" " ind2="7" tag="655"><subfield code="a">Newspapers.</subfield><subfield code="2">fast</subfield><subfield code="0">(OCoLC)fst01423814</subfield></datafield><datafield ind1=" " ind2="7" tag="651"><subfield code="a">Ohio</subfield><subfield code="z">Jackson.</subfield><subfield code="2">fast</subfield><subfield code="0">(OCoLC)fst01232211</subfield></datafield><datafield ind1=" " ind2=" " tag="752"><subfield code="a">United States</subfield><subfield code="b">Ohio</subfield><subfield code="c">Jackson</subfield><subfield code="d">Jackson.</subfield></datafield><datafield ind1=" " ind2=" " tag="752"><subfield code="a">United States</subfield><subfield code="b">Ohio</subfield><subfield code="c">Jackson</subfield><subfield code="d">Jackson Court House.</subfield></datafield><datafield ind1="0" ind2=" " tag="775"><subfield code="t">Jackson daily standard</subfield><subfield code="x">2376-1520</subfield><subfield code="w">(DLC)  2014218804</subfield><subfield code="w">(OCoLC)895039272</subfield></datafield><datafield ind1="0" ind2="8" tag="776"><subfield code="i">Originally issued in print:</subfield><subfield code="t">Jackson standard (Jackson, Ohio)</subfield><subfield code="x">2376-1547</subfield><subfield code="w">(DLC)sn 85038180</subfield><subfield code="w">(OCoLC)11868659</subfield></datafield><datafield ind1="0" ind2="7" tag="785"><subfield code="t">Jackson journal</subfield></datafield><datafield ind1="0" ind2="7" tag="785"><subfield code="t">Jackson standard-journal</subfield></datafield><datafield ind1="4" ind2="0" tag="856"><subfield code="u">http://www.loc.gov/chroniclingamerica/lccn/sn85038180/issues</subfield></datafield></record>